<?xml version="1.0" encoding="UTF-8"?><record xmlns="http://www.loc.gov/MARC21/slim" xmlns:cinclude="http://apache.org/cocoon/include/1.0" xmlns:zs="http://www.loc.gov/zing/srw/">
  <leader>00879nz  a2200229n  4500</leader>
  <controlfield tag="001">no2013127626</controlfield>
  <controlfield tag="003">DLC</controlfield>
  <controlfield tag="005">20131115073543.0</controlfield>
  <controlfield tag="008">131114n| azannaabn          |n aaa     c</controlfield>
  <datafield tag="010" ind1=" " ind2=" ">
    <subfield code="a">no2013127626</subfield>
  </datafield>
  <datafield tag="035" ind1=" " ind2=" ">
    <subfield code="a">(OCoLC)oca09615349</subfield>
  </datafield>
  <datafield tag="040" ind1=" " ind2=" ">
    <subfield code="a">ICrlF</subfield>
    <subfield code="b">eng</subfield>
    <subfield code="e">rda</subfield>
    <subfield code="c">ICrlF</subfield>
  </datafield>
  <datafield tag="046" ind1=" " ind2=" ">
    <subfield code="f">19630329</subfield>
  </datafield>
  <datafield tag="100" ind1="1" ind2=" ">
    <subfield code="a">Oimoen, Harald,</subfield>
    <subfield code="d">1963-</subfield>
  </datafield>
  <datafield tag="370" ind1=" " ind2=" ">
    <subfield code="a">Sunnyvale (Calif.)</subfield>
    <subfield code="e">San Francisco Bay Area (Calif.)</subfield>
  </datafield>
  <datafield tag="372" ind1=" " ind2=" ">
    <subfield code="a">Music industry</subfield>
    <subfield code="a">Photography</subfield>
  </datafield>
  <datafield tag="374" ind1=" " ind2=" ">
    <subfield code="a">Musician</subfield>
    <subfield code="a">Photographer</subfield>
  </datafield>
  <datafield tag="375" ind1=" " ind2=" ">
    <subfield code="a">male</subfield>
  </datafield>
  <datafield tag="377" ind1=" " ind2=" ">
    <subfield code="a">eng</subfield>
  </datafield>
  <datafield tag="670" ind1=" " ind2=" ">
    <subfield code="a">His Murder in the front row, c2011:</subfield>
    <subfield code="b">t.p. (Harald Oimoen &amp; Brian Lew) p. 268 (San Francisco Bay Area native; musician) back cover (photographer)</subfield>
  </datafield>
  <datafield tag="670" ind1=" " ind2=" ">
    <subfield code="a">Encyclopaedia Metallum website, Nov. 14, 2013</subfield>
    <subfield code="b">(Harald Oimoen; b. Mar. 29, 1963, Sunnyvale, Calif.)</subfield>
  </datafield>
  <datafield tag="678" ind1=" " ind2=" ">
    <subfield code="a">Harald Oimoen is a musician and photographer from the San Francisco Bay Area.</subfield>
  </datafield>
</record>